<?xml version="1.0" encoding="UTF-8"?><record xmlns="http://www.loc.gov/MARC21/slim" xmlns:cinclude="http://apache.org/cocoon/include/1.0" xmlns:zs="http://www.loc.gov/zing/srw/">
  <leader>00949cz  a2200193n  4500</leader>
  <controlfield tag="001">n 2010207518</controlfield>
  <controlfield tag="003">DLC</controlfield>
  <controlfield tag="005">20140129073803.0</controlfield>
  <controlfield tag="008">101210n| azannaabn          |a ana      </controlfield>
  <datafield tag="010" ind1=" " ind2=" ">
    <subfield code="a">n 2010207518</subfield>
  </datafield>
  <datafield tag="035" ind1=" " ind2=" ">
    <subfield code="a">(OCoLC)oca08713007</subfield>
  </datafield>
  <datafield tag="040" ind1=" " ind2=" ">
    <subfield code="a">DLC</subfield>
    <subfield code="b">eng</subfield>
    <subfield code="e">rda</subfield>
    <subfield code="c">DLC</subfield>
    <subfield code="d">InU</subfield>
  </datafield>
  <datafield tag="110" ind1="2" ind2=" ">
    <subfield code="a">Khri-brtan Nor-bu-rtseʼi Dpe-mdzod Khaṅ</subfield>
  </datafield>
  <datafield tag="410" ind1="2" ind2=" ">
    <subfield code="a">Triten Norbutse Library</subfield>
  </datafield>
  <datafield tag="410" ind1="2" ind2=" ">
    <subfield code="a">Triten Norbutse Monastery (Kathmandu, Nepal).</subfield>
    <subfield code="b">Dpe-mdzod Khaṅ</subfield>
  </datafield>
  <datafield tag="410" ind1="2" ind2=" ">
    <subfield code="a">Triten Norbutse Monastery (Kathmandu, Nepal).</subfield>
    <subfield code="b">Triten Norbutse Library</subfield>
  </datafield>
  <datafield tag="410" ind1="2" ind2=" ">
    <subfield code="a">Khri-brtan Nor-bu-rtse-yi Dpe-mdzod Khaṅ</subfield>
  </datafield>
  <datafield tag="670" ind1=" " ind2=" ">
    <subfield code="a">Rmeʼu Mkhas-pa Dpal-chen gyi Khams ʼgrel bźugs so, 2005:</subfield>
    <subfield code="b">t.p. (Khri-brtan Nor-bu-rtseʼi Dpe-mdzod Khaṅ; logo: Khri-brtan Nor-bu-rtse yi Dpe-mdzod Khaṅ; Triten Norbutse Library) t.p. ver (Library of Triten Norbutse Monastery)</subfield>
  </datafield>
  <datafield tag="670" ind1=" " ind2=" ">
    <subfield code="a">ʼPhan Yul ʼBum gyi yaṅ sñiṅ ..., 2008:</subfield>
    <subfield code="b">title page (Khri-brtan Nor-bu-rtse-yi Dpe-mdzod Khaṅ)</subfield>
  </datafield>
</record>